<?xml version="1.0" encoding="UTF-8"?><collection xmlns="http://www.loc.gov/MARC21/slim"><record><leader>00344nam--2200133-i-4500</leader><controlfield tag="001">000004094</controlfield><controlfield tag="002">20161230</controlfield><controlfield tag="005">20161230201025</controlfield><controlfield tag="008">060222s1000------------r-----000-0-eng-d</controlfield><datafield ind1=" " ind2=" " tag="080"><subfield code="a">629.13</subfield></datafield><datafield ind1=" " ind2=" " tag="100"><subfield code="a">Bogdanov-cerrin, A.M</subfield></datafield><datafield ind1=" " ind2=" " tag="245"><subfield code="a">Mecanica si tehnica aviatiei</subfield></datafield><datafield ind1=" " ind2=" " tag="260"><subfield code="a">Bucursti, Ed.Tehnica, 1954. 488 P Cu Ilustr. + Erata</subfield></datafield><datafield ind1=" " ind2=" " tag="852"><subfield code="a">3164</subfield></datafield></record></collection>